{"v":1,"date":"2026-02-09","station":"KMIA","contract":"KXHIGHMIA-26FEB10-B76.5","side":"no","qty":20,"price":0.4650000000000001,"expectedEdge":0.5249999999999999,"marketSigma":2.95,"ourSigma":0.78,"timestamp":"2026-02-09T20:16:32.570Z"}
{"v":1,"date":"2026-02-09","station":"KMIA","contract":"KXHIGHMIA-26FEB10-B76.5","side":"no","qty":20,"price":0.4650000000000001,"expectedEdge":0.5249999999999999,"marketSigma":2.95,"ourSigma":0.78,"timestamp":"2026-02-09T20:19:08.510Z"}
{"v":1,"date":"2026-02-09","station":"KMIA","contract":"KXHIGHMIA-26FEB10-B76.5","side":"no","qty":20,"price":0.4650000000000001,"expectedEdge":0.5249999999999999,"marketSigma":2.95,"ourSigma":0.78,"timestamp":"2026-02-09T20:26:07.869Z"}
{"v":1,"date":"2026-02-09","station":"KMIA","contract":"KXHIGHMIA-26FEB10-B76.5","side":"no","qty":20,"price":0.4650000000000001,"expectedEdge":0.5249999999999999,"marketSigma":2.95,"ourSigma":0.78,"timestamp":"2026-02-09T20:26:19.313Z"}
{"v":1,"date":"2026-02-09","station":"KMIA","contract":"KXHIGHMIA-26FEB10-B76.5","side":"no","qty":20,"price":0.4650000000000001,"expectedEdge":0.5249999999999999,"marketSigma":2.95,"ourSigma":0.78,"timestamp":"2026-02-09T20:29:22.483Z"}
{"v":1,"date":"2026-02-09","station":"KMIA","contract":"KXHIGHMIA-26FEB10-B76.5","side":"no","qty":20,"price":0.4650000000000001,"expectedEdge":0.5249999999999999,"marketSigma":2.95,"ourSigma":0.78,"timestamp":"2026-02-09T20:30:29.644Z"}
{"v":1,"date":"2026-02-09","station":"KMIA","contract":"KXHIGHMIA-26FEB10-B76.5","side":"no","qty":20,"price":0.4650000000000001,"expectedEdge":0.5249999999999999,"marketSigma":2.95,"ourSigma":0.78,"timestamp":"2026-02-09T20:33:53.919Z"}
{"v":1,"date":"2026-02-09","station":"KMIA","contract":"KXHIGHMIA-26FEB10-B76.5","side":"no","qty":20,"price":0.4650000000000001,"expectedEdge":0.5249999999999999,"marketSigma":2.95,"ourSigma":0.78,"timestamp":"2026-02-09T20:34:21.438Z"}
{"v":1,"date":"2026-02-09","station":"KDEN","contract":"KXHIGHDEN-26FEB10-T51","side":"no","qty":5,"price":0.42999999999999994,"expectedEdge":0.49117847784100666,"marketSigma":4.23,"ourSigma":0.92,"timestamp":"2026-02-09T23:00:24.463Z"}
{"v":1,"date":"2026-02-10","contract":"KXBTCD-26FEB1317-T68499.99","side":"no","qty":5,"price":0.31,"expectedEdge":0.06,"timestamp":"2026-02-10T03:00:24.521Z"}
{"v":1,"date":"2026-02-10","contract":"KXBTCD-26FEB1317-T68499.99","side":"no","qty":5,"price":0.31,"expectedEdge":0.06,"timestamp":"2026-02-10T03:00:47.750Z"}
{"v":1,"date":"2026-02-10","contract":"KXBTCD-26FEB1017-T69499.99","side":"no","qty":5,"price":0.38,"expectedEdge":0.09,"timestamp":"2026-02-10T04:14:02.728Z"}
{"v":1,"date":"2026-02-10","contract":"KXETHD-26FEB1317-T1939.99","side":"no","qty":5,"price":0.18,"expectedEdge":0.07,"timestamp":"2026-02-10T04:20:18.337Z"}
{"v":1,"date":"2026-02-10","contract":"KXETHD-26FEB1017-T2039.99","side":"yes","qty":5,"price":0.35,"expectedEdge":0.21,"timestamp":"2026-02-10T07:00:23.911Z"}
{"v":1,"date":"2026-02-10","contract":"KXBTCD-26FEB1017-T68499.99","side":"no","qty":20,"price":0.29,"expectedEdge":0.17,"timestamp":"2026-02-10T15:53:20.921Z"}
{"v":1,"date":"2026-02-10","contract":"KXBTCD-26FEB1017-T68499.99","side":"no","qty":20,"price":0.29,"expectedEdge":0.17,"timestamp":"2026-02-10T15:53:47.955Z"}
{"v":1,"date":"2026-02-10","station":"KNYC","contract":"KXHIGHNY-26FEB11-B40.5","side":"no","qty":20,"price":0.65,"expectedEdge":0.33999999999999997,"marketSigma":4.88,"ourSigma":0.84,"timestamp":"2026-02-10T15:55:29.674Z"}
{"v":1,"date":"2026-02-10","station":"KNYC","contract":"KXHIGHNY-26FEB11-B36.5","side":"yes","qty":20,"price":0.07,"expectedEdge":0.3409021144160422,"marketSigma":5.11,"ourSigma":0.84,"timestamp":"2026-02-10T19:00:20.129Z"}
{"v":1,"date":"2026-02-10","station":"KNYC","contract":"KXHIGHNY-26FEB11-T36","side":"yes","qty":20,"price":0.04,"expectedEdge":0.5050636140006183,"marketSigma":4.32,"ourSigma":0.84,"timestamp":"2026-02-10T23:00:24.440Z"}
{"v":1,"date":"2026-02-10","station":"KNYC","contract":"KXHIGHNY-26FEB11-T36","side":"yes","qty":20,"price":0.04,"expectedEdge":0.5050636140006183,"marketSigma":4.32,"ourSigma":0.84,"timestamp":"2026-02-10T23:00:38.855Z"}
