{"v":1,"date":"2026-02-09","station":"KMIA","contract":"KXHIGHMIA-26FEB10-B76.5","side":"no","qty":20,"price":0.4650000000000001,"expectedEdge":0.5249999999999999,"marketSigma":2.95,"ourSigma":0.78,"timestamp":"2026-02-09T20:16:32.570Z"}
{"v":1,"date":"2026-02-09","station":"KMIA","contract":"KXHIGHMIA-26FEB10-B76.5","side":"no","qty":20,"price":0.4650000000000001,"expectedEdge":0.5249999999999999,"marketSigma":2.95,"ourSigma":0.78,"timestamp":"2026-02-09T20:19:08.510Z"}
{"v":1,"date":"2026-02-09","station":"KMIA","contract":"KXHIGHMIA-26FEB10-B76.5","side":"no","qty":20,"price":0.4650000000000001,"expectedEdge":0.5249999999999999,"marketSigma":2.95,"ourSigma":0.78,"timestamp":"2026-02-09T20:26:07.869Z"}
{"v":1,"date":"2026-02-09","station":"KMIA","contract":"KXHIGHMIA-26FEB10-B76.5","side":"no","qty":20,"price":0.4650000000000001,"expectedEdge":0.5249999999999999,"marketSigma":2.95,"ourSigma":0.78,"timestamp":"2026-02-09T20:26:19.313Z"}
{"v":1,"date":"2026-02-09","station":"KMIA","contract":"KXHIGHMIA-26FEB10-B76.5","side":"no","qty":20,"price":0.4650000000000001,"expectedEdge":0.5249999999999999,"marketSigma":2.95,"ourSigma":0.78,"timestamp":"2026-02-09T20:29:22.483Z"}
{"v":1,"date":"2026-02-09","station":"KMIA","contract":"KXHIGHMIA-26FEB10-B76.5","side":"no","qty":20,"price":0.4650000000000001,"expectedEdge":0.5249999999999999,"marketSigma":2.95,"ourSigma":0.78,"timestamp":"2026-02-09T20:30:29.644Z"}
{"v":1,"date":"2026-02-09","station":"KMIA","contract":"KXHIGHMIA-26FEB10-B76.5","side":"no","qty":20,"price":0.4650000000000001,"expectedEdge":0.5249999999999999,"marketSigma":2.95,"ourSigma":0.78,"timestamp":"2026-02-09T20:33:53.919Z"}
{"v":1,"date":"2026-02-09","station":"KMIA","contract":"KXHIGHMIA-26FEB10-B76.5","side":"no","qty":20,"price":0.4650000000000001,"expectedEdge":0.5249999999999999,"marketSigma":2.95,"ourSigma":0.78,"timestamp":"2026-02-09T20:34:21.438Z"}
{"v":1,"date":"2026-02-09","station":"KDEN","contract":"KXHIGHDEN-26FEB10-T51","side":"no","qty":5,"price":0.42999999999999994,"expectedEdge":0.49117847784100666,"marketSigma":4.23,"ourSigma":0.92,"timestamp":"2026-02-09T23:00:24.463Z"}
{"v":1,"date":"2026-02-10","contract":"KXBTCD-26FEB1317-T68499.99","side":"no","qty":5,"price":0.31,"expectedEdge":0.06,"timestamp":"2026-02-10T03:00:24.521Z"}
{"v":1,"date":"2026-02-10","contract":"KXBTCD-26FEB1317-T68499.99","side":"no","qty":5,"price":0.31,"expectedEdge":0.06,"timestamp":"2026-02-10T03:00:47.750Z"}
{"v":1,"date":"2026-02-10","contract":"KXBTCD-26FEB1017-T69499.99","side":"no","qty":5,"price":0.38,"expectedEdge":0.09,"timestamp":"2026-02-10T04:14:02.728Z"}
{"v":1,"date":"2026-02-10","contract":"KXETHD-26FEB1317-T1939.99","side":"no","qty":5,"price":0.18,"expectedEdge":0.07,"timestamp":"2026-02-10T04:20:18.337Z"}
{"v":1,"date":"2026-02-10","contract":"KXETHD-26FEB1017-T2039.99","side":"yes","qty":5,"price":0.35,"expectedEdge":0.21,"timestamp":"2026-02-10T07:00:23.911Z"}
{"v":1,"date":"2026-02-10","contract":"KXBTCD-26FEB1017-T68499.99","side":"no","qty":20,"price":0.29,"expectedEdge":0.17,"timestamp":"2026-02-10T15:53:20.921Z"}
{"v":1,"date":"2026-02-10","contract":"KXBTCD-26FEB1017-T68499.99","side":"no","qty":20,"price":0.29,"expectedEdge":0.17,"timestamp":"2026-02-10T15:53:47.955Z"}
{"v":1,"date":"2026-02-10","station":"KNYC","contract":"KXHIGHNY-26FEB11-B40.5","side":"no","qty":20,"price":0.65,"expectedEdge":0.33999999999999997,"marketSigma":4.88,"ourSigma":0.84,"timestamp":"2026-02-10T15:55:29.674Z"}
{"v":1,"date":"2026-02-10","station":"KNYC","contract":"KXHIGHNY-26FEB11-B36.5","side":"yes","qty":20,"price":0.07,"expectedEdge":0.3409021144160422,"marketSigma":5.11,"ourSigma":0.84,"timestamp":"2026-02-10T19:00:20.129Z"}
{"v":1,"date":"2026-02-10","station":"KNYC","contract":"KXHIGHNY-26FEB11-T36","side":"yes","qty":20,"price":0.04,"expectedEdge":0.5050636140006183,"marketSigma":4.32,"ourSigma":0.84,"timestamp":"2026-02-10T23:00:24.440Z"}
{"v":1,"date":"2026-02-10","station":"KNYC","contract":"KXHIGHNY-26FEB11-T36","side":"yes","qty":20,"price":0.04,"expectedEdge":0.5050636140006183,"marketSigma":4.32,"ourSigma":0.84,"timestamp":"2026-02-10T23:00:38.855Z"}
{"v":1,"date":"2026-02-11","station":"KMSP","contract":"KXHIGHTMIN-26FEB11-T34","side":"yes","qty":20,"price":0.06,"expectedEdge":0.766525346592996,"marketSigma":4.6,"ourSigma":1.06,"timestamp":"2026-02-11T07:01:21.725Z"}
{"v":1,"date":"2026-02-11","station":"KMSP","contract":"KXHIGHTMIN-26FEB11-T34","side":"yes","qty":20,"price":0.06,"expectedEdge":0.766525346592996,"marketSigma":4.6,"ourSigma":1.06,"timestamp":"2026-02-11T07:01:51.318Z"}
{"v":1,"date":"2026-02-11","contract":"KXRAINNYC-26FEB11-T0","side":"no","qty":20,"price":0.010000000000000009,"expectedEdge":0.7,"timestamp":"2026-02-11T11:01:33.823Z"}
{"v":1,"date":"2026-02-11","contract":"KXRAINNYC-26FEB11-T0","side":"no","qty":20,"price":0.010000000000000009,"expectedEdge":0.7,"timestamp":"2026-02-11T11:01:59.908Z"}
{"v":1,"date":"2026-02-11","station":"KIAH","contract":"KXHIGHTHOU-26FEB11-T75","side":"yes","qty":20,"price":0.07,"expectedEdge":0.8501221177017695,"marketSigma":3.13,"ourSigma":1.03,"timestamp":"2026-02-11T15:02:07.541Z"}
{"v":1,"date":"2026-02-11","station":"KATL","contract":"KXHIGHTATL-26FEB12-T59","side":"yes","qty":20,"price":0.04,"expectedEdge":0.7971041324114128,"marketSigma":5.69,"ourSigma":1.01,"timestamp":"2026-02-11T19:01:33.916Z"}
{"v":1,"date":"2026-02-11","station":"KAUS","contract":"KXHIGHAUS-26FEB12-T78","side":"yes","qty":20,"price":0.07,"expectedEdge":0.7367330847887681,"marketSigma":3.26,"ourSigma":1.16,"timestamp":"2026-02-11T23:01:31.034Z"}
{"v":1,"date":"2026-02-12","contract":"KXRAINNYC-26FEB11-T0","side":"no","qty":20,"price":0.010000000000000009,"expectedEdge":0.5,"timestamp":"2026-02-12T03:01:29.816Z"}
{"v":1,"date":"2026-02-12","station":"KSEA","contract":"KXHIGHTSEA-26FEB12-B52.5","side":"no","qty":20,"price":0.5800000000000001,"expectedEdge":0.39483612571238313,"marketSigma":3.19,"ourSigma":1.07,"timestamp":"2026-02-12T07:01:31.641Z"}
{"v":1,"date":"2026-02-13","station":"KIAH","contract":"KXHIGHTHOU-26FEB13-T73","side":"yes","qty":20,"price":0.04,"expectedEdge":0.930206447649502,"marketSigma":3.13,"ourSigma":1.03,"timestamp":"2026-02-13T03:49:41.051Z"}
